<record><leader>00000cas a22000007a 4500</leader><controlfield tag="001">10945616</controlfield><controlfield tag="008">840713d1875190ualuwr ne      0    0eng d</controlfield><controlfield tag="009">330</controlfield><datafield ind1=" " ind2=" " tag="010"><subfield code="a">sn 84023611 </subfield></datafield><datafield ind1=" " ind2=" " tag="040"><subfield code="a">AQM</subfield><subfield code="b">eng</subfield><subfield code="c">AQM</subfield><subfield code="d">NPX</subfield><subfield code="d">CPN</subfield><subfield code="d">ANU</subfield></datafield><datafield ind1="1" ind2=" " tag="029"><subfield code="a">AU@</subfield><subfield code="b">000025825879</subfield></datafield><datafield ind1=" " ind2=" " tag="042"><subfield code="a">msc</subfield></datafield><datafield ind1="0" ind2="4" tag="245"><subfield code="a">The Tuskaloosa gazette.</subfield></datafield><datafield ind1="1" ind2="0" tag="246"><subfield code="a">Tuscaloosa gazette</subfield></datafield><datafield ind1="0" ind2="7" tag="246"><subfield code="a">Gazette</subfield></datafield><datafield ind1="0" ind2="7" tag="246"><subfield code="a">Weekly gazette</subfield></datafield><datafield ind1=" " ind2=" " tag="260"><subfield code="a">Tuskaloosa, Ala. :</subfield><subfield code="b">Mont. I. Burton,</subfield><subfield code="c">1875-</subfield></datafield><datafield ind1=" " ind2=" " tag="300"><subfield code="a">v.</subfield></datafield><datafield ind1=" " ind2=" " tag="310"><subfield code="a">Weekly</subfield></datafield><datafield ind1="0" ind2=" " tag="362"><subfield code="a">Vol. 4, no. 9 (Nov. 4, 1875)-</subfield></datafield><datafield ind1=" " ind2=" " tag="500"><subfield code="a">Sometimes published as: Tuscaloosa gazette, &lt;1891&gt;.</subfield></datafield><datafield ind1="1" ind2=" " tag="700"><subfield code="a">Burton, Montgomery I.</subfield></datafield><datafield ind1=" " ind2=" " tag="752"><subfield code="a">United States</subfield><subfield code="b">Alabama</subfield><subfield code="c">Tuscaloosa</subfield><subfield code="d">Tuscaloosa.</subfield></datafield><datafield ind1="0" ind2="0" tag="780"><subfield code="t">Tuskaloosa blade</subfield><subfield code="w">(DLC)sn 86050345</subfield></datafield><datafield ind1="0" ind2="7" tag="785"><subfield code="t">Tuscaloosa weekly times</subfield><subfield code="w">(DLC)sn 87050206</subfield></datafield><datafield ind1="0" ind2="7" tag="785"><subfield code="t">Tuscaloosa times-gazette (Tuscaloosa, Ala.)</subfield><subfield code="w">(DLC) sn 89050022</subfield></datafield></record>